@inproceedings{umi,
	title={Universal Manipulation Interface: In-The-Wild Robot Teaching Without In-The-Wild Robots},
	author={Chi, Cheng and Xu, Zhenjia and Pan, Chuer and Cousineau, Eric and Burchfiel, Benjamin and Feng, Siyuan and Tedrake, Russ and Song, Shuran},
	booktitle={Proceedings of Robotics: Science and Systems (RSS)},
	year={2024}
}

@misc{interhand,
      title={InterHand2.6M: A Dataset and Baseline for 3D Interacting Hand Pose Estimation from a Single RGB Image}, 
      author={Gyeongsik Moon and Shoou-i Yu and He Wen and Takaaki Shiratori and Kyoung Mu Lee},
      year={2020},
      eprint={2008.09309},
      archivePrefix={arXiv},
      primaryClass={cs.CV},
      url={https://arxiv.org/abs/2008.09309}, 
}
@misc{anyteleop,
      title={AnyTeleop: A General Vision-Based Dexterous Robot Arm-Hand Teleoperation System}, 
      author={Yuzhe Qin and Wei Yang and Binghao Huang and Karl Van Wyk and Hao Su and Xiaolong Wang and Yu-Wei Chao and Dieter Fox},
      year={2024},
      eprint={2307.04577},
      archivePrefix={arXiv},
      primaryClass={cs.RO},
      url={https://arxiv.org/abs/2307.04577}, 
}

@misc{multiviewbootstrapping,
      title={Hand Keypoint Detection in Single Images using Multiview Bootstrapping}, 
      author={Tomas Simon and Hanbyul Joo and Iain Matthews and Yaser Sheikh},
      year={2017},
      eprint={1704.07809},
      archivePrefix={arXiv},
      primaryClass={cs.CV},
      url={https://arxiv.org/abs/1704.07809}, 
}
@ARTICLE{zhang2000flexible,
  author = {Zhang, Zhengyou},
  title = {A flexible new technique for camera calibration},
  journal = {IEEE Transactions on Pattern Analysis and Machine Intelligence},
  year = {2000},
  volume = {22},
  number = {11},
  pages = {1330-1334}
}
@misc{lugaresi2019mediapipe,
  title={MediaPipe: A Framework for Building Perception Pipelines},
  author={Lugaresi, Matteo and Tang, Jiuqiang and Nash, Hadon and McClanahan, Chris and Uboweja, Esha and Hays, Michael and Zhang, Feng and Chang, Chuo-Ling and Yong, Ming and Lee, Juhyun and others},
  year={2019},
  eprint={1906.08172},
  archivePrefix={arXiv},
  primaryClass={cs.CV}
}
@BOOK{hartley2003multiple,
  AUTHOR = {Hartley, Richard and Zisserman, Andrew},
  TITLE = {Multiple View Geometry in Computer Vision},
  PUBLISHER = {Cambridge University Press},
  YEAR = {2003}
}
@ARTICLE{bradski2000opencv,
  author = {Bradski, Gary R.},
  title = {The OpenCV Library},
  journal = {Dr. Dobb's Journal of Software Tools},
  year = {2000}
}

@ARTICLE{faugeras1993three,
  author = {Faugeras, Olivier and Luong, Quang-Tuan and Maybank, Steven},
  title = {Camera self-calibration: theory and experiments},
  journal = {Image and Vision Computing},
  year = {1993},
  volume = {11},
  number = {6},
  pages = {321-334}
}
